
@article{tishkovskaya2012statistical,
  title={Statistical education in the 21st century: A review of challenges, teaching innovations and strategies for reform},
  author={Tishkovskaya, Svetlana and Lancaster, Gillian A},
  journal={Journal of Statistics Education},
  volume={20},
  number={2},
  year={2012},
  publisher={Taylor \& Francis}
}
        
@article{lovett2000statscongnitive,
  title={Applying cognitive theory to statistics instruction},
  author={Lovett, Marsha C and Greenhouse, Joel B},
  journal={The American Statistician},
  volume={54},
  number={3},
  pages={196--206},
  year={2000},
  publisher={Taylor \& Francis}
}        
           
           
